@book{bag12,
  title={Serious stats: A guide to advanced statistics for the behavioral sciences},
  author={Thomas Baguley},
  year={2012},
  address = {Basingstoke},
  publisher={Palgrave Macmillan}
}

@article{sivula2020uncertainty,
  title={Uncertainty in {B}ayesian leave-one-out cross-validation based model comparison},
  author={Sivula, Tuomas and Magnusson, M{\aa}ns and Matamoros, Asael Alonzo and Vehtari, Aki},
  journal={arXiv preprint arXiv:2008.10296},
  year={2020}
}


@article{de2018exploring,
  title={Exploring the process of reading during writing using eye tracking and keystroke logging},
  author={{De Smet}, Milou JR and Leijten, Mari{\"e}lle and {Van Waes}, Luuk},
  journal={Written Communication},
  volume={35},
  number={4},
  pages={411--447},
  year={2018},
  publisher={Sage Publications Sage CA: Los Angeles, CA}
}


@incollection{chukharev2019empowering,
  title={Empowering automated writing evaluation with keystroke logging},
  author={Chukharev-Hudilainen, Evgeny},
  booktitle={Observing Writing: insights from keystroke logging and handwriting},
  pages={125--142},
  year={2019},
  editor = {Lindgren, Eva and Sullivan, Kirk},
  publisher={Brill Publishing},
  address ={Leiden, The Netherlands}
}


@article{chukharev2019combined,
  title={Combined deployable keystroke logging and eyetracking for investigating {L2} writing fluency},
  author={Chukharev-Hudilainen, Evgeny and Saricaoglu, Aysel and Torrance, Mark and Feng, Hui-Hsien},
  journal={Studies in Second Language Acquisition},
  volume={41},
  number={3},
  pages={583--604},
  year={2019},
  publisher={Cambridge University Press}
}

@book{mcelreath2020statistical,
  title={Statistical rethinking: {A Bayesian course with examples in R and Stan}},
  author={McElreath, Richard},
  year={2020},
  volume = {2},
  publisher={CRC Press}
}



@Article{brms1,
  title = {{brms}: An {R} Package for {Bayesian} Multilevel Models Using {Stan}},
  author={B{\"u}rkner, Paul-Christian},
  journal = {Journal of Statistical Software},
  year = {2017},
  volume = {80},
  number = {1},
  pages = {1--28},
  doi = {10.18637/jss.v080.i01},
  encoding = {UTF-8},
}

@Article{brms2,
  title = {Advanced {Bayesian} Multilevel Modeling with the {R} Package {brms}},
  author={B{\"u}rkner, Paul-Christian},
  year = {2018},
  volume = {10},
  number = {1},
  pages = {395--411},
  doi = {10.32614/RJ-2018-017},
  encoding = {UTF-8},
}

@article{burkner2017advanced,
  title={Advanced {B}ayesian multilevel modeling with the {R} package brms},
  author={B{\"u}rkner, Paul-Christian},
  journal={arXiv preprint arXiv:1705.11123},
  year={2017}
}

@article{burkner2019bayesian,
  title={Bayesian Item Response Modelling in {R} with brms and {S}tan},
  author={B{\"u}rkner, Paul-Christian},
  journal={arXiv preprint arXiv:1905.09501},
  year={2019}
}

@article{burkner2018ordinal,
  title={Ordinal regression models in psychology: a tutorial},
  author={B{\"u}rkner, Paul-Christian and Vuorre, Matti},
  journal={Advances in Methods and Practices in Psychological Science},
  volume={2},
  number={1},
  pages={77--101},
  year={2019},
  publisher={SAGE Publications Sage CA: Los Angeles, CA}
}



@article{gelman1992,
  title={Inference from iterative simulation using multiple sequences},
  author={Gelman, Andrew and Rubin, Donald B.},
  journal={Statistical science},
  volume = {7},
  number = {4},
  pages={457--472},
  year={1992},
  publisher={JSTOR}
}

@article{hoffman2014no,
  title={The {No-U-Turn sampler}: {A}daptively setting path lengths in {H}amiltonian {M}onte {C}arlo},
  author={Hoffman, Matthew D. and Gelman, Andrew},
  journal={Journal of Machine Learning Research},
  volume={15},
  number={1},
  pages={1593--1623},
  year={2014}
}


@article{carpenter2016stan,
  title={Stan: A probabilistic programming language},
  author={Carpenter, Bob and Gelman, Andrew and Hoffman, Matt and Lee, Daniel and Goodrich, Ben and Betancourt, Michael and Brubaker, Michael A. and Guo, Jiqiang and Li, Peter and Riddell, Allen},
  journal={Journal of Statistical Software},
  volume={20},
  year={2016}
}



@article{dienes2014using,
  title={Using {B}ayes to get the most out of non-significant results},
  author={Dienes, Zoltan},
  journal={Frontiers in Psychology},
  volume={5},
  number={781},
  pages={1--17},
  year={2014},
  publisher={Frontiers Media SA}
}


@book{johnson2022bayes,
  title={Bayes Rules!: An Introduction to Applied {B}ayesian Modeling},
  author={Johnson, Alicia A. and Ott, Miles Q. and Dogucu, Mine},
  year={2022},
  publisher={CRC Press}
}

@article{kruschke2012time,
  title={The time has come: {B}ayesian methods for data analysis in the organizational sciences},
  author={Kruschke, John K. and Aguinis, Herman and Joo, Harry},
  journal={Organizational Research Methods},
  volume={15},
  number={4},
  pages={722--752},
  year={2012},
  publisher={Sage Publications},
  address = {Los Angeles, CA}
}


@book{mcelreath2016statistical,
  title={Statistical rethinking: {A} Bayesian course with examples in {R} and {Stan}},
  author={McElreath, Richard},
  year={2016},
  publisher={CRC Press}
}

@article{lopez2019online,
  title={The online management of writing processes and their contribution to text quality in upper-primary students},
  author={L{\'o}pez, Paula and Torrance, Mark and Fidalgo, Raquel},
  journal={Psicothema: Revista de Psicolog{\'\i}a},
  volume={31},
  number={3},
  pages={311--318},
  year={2019},
  publisher={Colegio Oficial de Psicologos}
}

@article{breetvelt1994relations,
  title={Relations between writing processes and text quality: {W}hen and how?},
  author={Breetvelt, Iris and {van den Bergh}, Huub and Rijlaarsdam, Gert},
  journal={Cognition and Instruction},
  volume={12},
  number={2},
  pages={103--123},
  year={1994},
  publisher={Taylor \& Francis}
}


@book{farrell2018computational,
  title={Computational modeling of cognition and behavior},
  author={Farrell, Simon and Lewandowsky, Stephan},
  year={2018},
  publisher={Cambridge University Press}
}



@article{bates2015parsimonious,
  title={Parsimonious mixed models},
  author={Bates, Douglas and Kliegl, Reinhold and Vasishth, Shravan and Baayen, Harald},
  journal={arXiv preprint arXiv:1506.04967},
  year={2015}
}


@article{sorensen2016bayesian,
  title={Bayesian linear mixed models using Stan: {A} tutorial for psychologists, linguists, and cognitive scientists},
  author={Sorensen, Tanner and Hohenstein, S. and Vasishth, Shravan},
  journal={Quantitative Methods for Psychology},
  volume = {12},
  number = {3},
  pages = {175--200}, 
  year = {2016}
}



@book{lee2014bayesian,
  title={Bayesian cognitive modeling: A practical course},
  author={Lee, Michael D. and Wagenmakers, Eric-Jan},
  year={2014},
  publisher={Cambridge University Press}
}


@article{nicenboim2016statistical,
  title={Statistical methods for linguistic research: {Foundational Ideas -- Part II}},
  author={Nicenboim, Bruno and Vasishth, Shravan},
  journal={Language and Linguistics Compass},
  volume={10},
  number={11},
  pages={591--613},
  year={2016},
  publisher={Wiley Online Library}
}

@Manual{R-base,
  title = {R: A Language and Environment for Statistical Computing},
  author = {{R Core Team}},
  organization = {R Foundation for Statistical Computing},
  address = {Vienna, Austria},
  year = {2020},
  url = {https://www.R-project.org/},
}



@article{dienes2016bayes,
  title={How {B}ayes factors change scientific practice},
  author={Dienes, Zoltan},
  journal={Journal of Mathematical Psychology},
  volume={72},
  pages={78--89},
  year={2016},
  publisher={Elsevier}
}


@article{dienes2018four,
  title={Four reasons to prefer {B}ayesian analyses over significance testing},
  author={Dienes, Zoltan and Mclatchie, Neil},
  journal={Psychonomic Bulletin \& Review},
  volume={25},
  number={1},
  pages={207--218},
  year={2018},
  publisher={Springer}
}

@article{schonbrodt2017sequential,
  title={Sequential hypothesis testing with Bayes factors: Efficiently testing mean differences.},
  author={Sch{\"o}nbrodt, Felix D. and Wagenmakers, Eric-Jan and Zehetleitner, Michael and Perugini, Marco},
  journal={Psychological Methods},
  volume={22},
  number={2},
  pages={322--339},
  year={2017},
  publisher={American Psychological Association}
}



@article{wagenmakers2018bayesian,
  title={Bayesian inference for psychology. Part {I}: Theoretical advantages and practical ramifications},
  author={Wagenmakers, Eric-Jan and Marsman, Maarten and Jamil, Tahira and Ly, Alexander and Verhagen, Josine and Love, Jonathon and Selker, Ravi and Gronau, Quentin F and {\v{S}}m{\'\i}ra, Martin and Epskamp, Sacha and others},
  journal={Psychonomic Bulletin \& Review},
  volume={25},
  number={1},
  pages={35--57},
  year={2018},
  publisher={Springer}
}




@article{vehtari2017practical,
  title={Practical Bayesian model evaluation using leave-one-out cross-validation and {WAIC}},
  author={Vehtari, Aki and Gelman, Andrew and Gabry, Jonah},
  journal={Statistics and Computing},
  volume={27},
  number={5},
  pages={1413--1432},
  year={2017},
  publisher={Springer}
}

@article{vehtari2015pareto,
  title={Pareto smoothed importance sampling},
  author={Vehtari, Aki and Gelman, Andrew and Gabry, Jonah},
  journal={arXiv preprint arXiv:1507.02646},
  year={2015}
}


@article{pinet2016typing,
  title={Typing is writing: Linguistic properties modulate typing execution},
  author={Pinet, Svetlana and Ziegler, Johannes C. and Alario, F.-Xavier},
  journal={Psychonomic Bulletin \& Review},
  volume={23},
  number={6},
  pages={1898--1906},
  year={2016},
  publisher={Springer}
}


@inproceedings{wengelin2001disfluencies,
  title={Disfluencies in Writing -- {A}re they Like in Speaking?},
  author={Wengelin, {\AA}sa},
  booktitle={{ISCA} Tutorial and Research Workshop ({ITRW}) on Disfluency in Spontaneous Speech},
  year={2001}
}


@article{baa08,
  title={Mixed-effects modeling with crossed random effects for subjects and items},
  author={R.~Harald Baayen and Douglas J. Davidson and Douglas M. Bates},
  journal={Journal of Memory and Language},
  volume={59},
  number={4},
  pages={390--412},
  year={2008},
  publisher={Elsevier}
}

@book{lambert2018student,
  title={A Student's Guide to {B}ayesian Statistics},
  author={Lambert, Ben},
  year={2018},
  publisher={Sage}
}

@inproceedings{eltahir2004dynamic,
  title={Dynamic keystroke analysis using {AR} model},
  author={Eltahir, Wasil E. and Salami, M.J.E. and Ismail, Ahmad F. and Lai, W.K.},
  booktitle={IEEE International Conference on Industrial Technology},
  volume={3},
  pages={1555--1560},
  year={2004},
  organization={IEEE}
}


@article{gilstrap2008assessing,
  title={Assessing learning, critical reflection, and quality educational outcomes: {T}he critical incident questionnaire},
  author={Gilstrap, Donald L. and Dupree, Jason},
  year={2008},
  journal ={College \& Research Libraries},
  volume ={69},
  number ={5},
  pages ={407--426},
  publisher={Association of College and Research Libraries}
}

@article{vasishth2017feature,
  title={Feature overwriting as a finite mixture process: Evidence from comprehension data},
  author={Vasishth, Shravan and J{\"a}ger, Lena A and Nicenboim, Bruno},
  journal={arXiv preprint arXiv:1703.04081},
  year={2017}
}

@ARTICLE{vasishth2017,
   author = {Vasishth, Shravan and {Chopin}, N. and {Ryder}, R. and Nicenboim, Bruno},
    title = {Modelling dependency completion in sentence comprehension as a {B}ayesian hierarchical mixture process: {A} case study involving {C}hinese relative clauses},
  journal = {ArXiv e-prints},
     year = 2017,
   adsurl = {http://adsabs.harvard.edu/abs/2017arXiv170200564V},
  adsnote = {Provided by the SAO/NASA Astrophysics Data System}
}

@article{chukharev2014pauses,
  title={Pauses in spontaneous written communication: {A} keystroke logging study},
  author={Chukharev-Hudilainen, Evgeny},
  journal={Journal of Writing Research},
  volume={6},
  number={1},
  pages={61--84},
  year={2014}
}


@article{jefferys1992ockham,
  title={Ockham's razor and {B}ayesian analysis},
  author={Jefferys, William H. and Berger, James O.},
  journal={American Scientist},
  volume={80},
  number={1},
  pages={64--72},
  year={1992},
  publisher={JSTOR}
}

@article{leijten2013keystroke,
  title={Keystroke logging in writing research: Using {Inputlog} to analyze and visualize writing processes},
  author={Leijten, Mari{\"e}lle and {Van Waes}, Luuk},
  journal={Written Communication},
  volume={30},
  number={3},
  pages={358--392},
  year={2013},
  publisher={SAGE Publications Sage CA: Los Angeles, CA}
}

@book{sim07,
  title={EyeWrite},
  author={S. Simpson and Mark Torrance},
  series = {(Version 5.1)},
  publisher ={SR Research and Nottingham Trent University},
  address = {Osgoode, ON and Nottingham, UK},
  year={2007}
}

@article{waes2019,
 author ={Luuk {Van Waes} and Mari\"elle Leijten and Jens Roeser and Thierry Olive and Joachim Grabowski},
 year ={2021},
 title ={Measuring and Assessing Typing Skills in Writing Research},
 journal = {Journal of Writing Research},
 volume = {13},
 number = {1},
 pages = {107--153},
 doi = {10.17239/jowr-2021.13.01.04}
}



@article{van2019multilingual,
  title={A multilingual copy task: measuring typing and motor skills in writing with inputlog},
  author={Van Waes, Luuk and Leijten, Mari{\"e}lle and Pauwaert, Tom and {Van Horenbeeck}, Eric},
  journal={Journal of open research software},
  volume={7},
  number={30},
  pages={1--8},
  year={2019}
}


@book{gelman2014,
   title = {Bayesian data analysis},
   author = {Gelman, Andrew and Carlin, J.~B. and Stern, H.~S. and Dunson, D.~B. and Vehtari, Aki and Rubin, D.~B.},
   year = {2014},
   edition = {3},
   publisher = {Chapman and Hall/CRC}
}


@article{roeser2021modelling,
  title={Modelling typing disfluencies as finite mixture process},
  author={Roeser, Jens and {De Maeyer}, Sven and Leijten, Mari{\"e}lle and {Van Waes}, Luuk},
  journal={Reading and Writing},
  pages={1--26},
  year={2021},
	url = {https://osf.io/y3p4d/},
  publisher={Springer}
}

@article{rossetti2022s,
  title={It's not just a phase: Investigating text simplification in a second language from a process and product perspective},
  author={Rossetti, Alessandra and Van Waes, Luuk},
  journal={Frontiers in Artificial Intelligence},
  volume={5},
  year={2022},
  publisher={Frontiers Media SA}
}


@dataset{vandermeulen2020,
  author       = {Nina Vandermeulen and
                  Elke Van Steendam and
                  Gert Rijlaarsdam},
  title        = {{DATASET - Baseline data {LIFT} Synthesis Writing 
                   project}},
  month        = jun,
  year         = 2020,
  publisher    = {Zenodo},
  doi          = {10.5281/zenodo.3893538},
  url          = {https://doi.org/10.5281/zenodo.3893538}
}

 @Misc{rstan,
    title = {{RStan}: the {R} interface to {Stan}},
    author = {{Stan Development Team}},
    note = {R package version 2.3},
    year = 2018,
    url = {https://mc-stan.org/},
}
  
@article{dickey1970weighted,
  title={The weighted likelihood ratio, sharp hypotheses about chances, the order of a Markov chain},
  author={Dickey, James M. and Lientz, B.~P. and others},
  journal={The Annals of Mathematical Statistics},
  volume={41},
  number={1},
  pages={214--226},
  year={1970},
  publisher={Institute of Mathematical Statistics}
}

@article{roeser2021, 
	title = {Modelling typing disfluencies as finite mixture process},
	author = {Jens Roeser and Sven {De Maeyer} and Mariëlle Leijten and Luuk {Van Waes}},
	url = {https://osf.io/y3p4d/},
	note = {accepted},
	journal = {Reading and Writing},
	year = {2021}
}


@article{ronneberg2022process,
  title={The process-disruption hypothesis: how spelling and typing skill affects written composition process and product},
  author={R{\o}nneberg, Vibeke and Torrance, Mark and Uppstad, Per Henning and Johansson, Christer},
  journal={Psychological Research},
  pages={1--17},
  year={2022},
  publisher={Springer}
}


@article{torrance2016adolescent,
  title={Adolescent weak decoders writing in a shallow orthography: Process and product},
  author={Torrance, Mark and R{\o}nneberg, Vibeke and Johansson, Christer and Uppstad, Per Henning},
  journal={Scientific Studies of Reading},
  volume={20},
  number={5},
  pages={375--388},
  year={2016},
  publisher={Taylor \& Francis}
}


@article{torrancea, 
	title = {Lookback in {L1 and L2} writing: An eye movement study},
	author = {Mark Torrance and Jens Roeser and Evgeny Chukharev-Hudilainen},
	note = {in progress}
}

@article{torranceb, 
	title = {Cascading processes in multi-sentence text production},
	author = {Mark Torrance and Gunn Ofstad},
	note = {in progress}
}


@book{jeffreys1961theory,
	title={The theory of probability},
	author={Jeffreys, Harold},
	volume = {3},
	year={1961},
	publisher={Oxford University Press, Clarendon Press},
	address ={Oxford}
}



@article{wagenmakers2010bayesian,
  title={Bayesian hypothesis testing for psychologists: A tutorial on the Savage--Dickey method},
  author={Wagenmakers, Eric-Jan and Lodewyckx, Tom and Kuriyal, Himanshu and Grasman, Raoul},
  journal={Cognitive psychology},
  volume={60},
  number={3},
  pages={158--189},
  year={2010},
  publisher={Elsevier}
}
@Article{R-brms_a,
  title = {{brms}: An {R} Package for {Bayesian} Multilevel Models Using {Stan}},
  author = {Paul-Christian Bürkner},
  journal = {Journal of Statistical Software},
  year = {2017},
  volume = {80},
  number = {1},
  pages = {1--28},
  doi = {10.18637/jss.v080.i01},
  encoding = {UTF-8},
}
@Article{R-brms_b,
  title = {Advanced {Bayesian} Multilevel Modeling with the {R} Package {brms}},
  author = {Paul-Christian Bürkner},
  journal = {The R Journal},
  year = {2018},
  volume = {10},
  number = {1},
  pages = {395--411},
  doi = {10.32614/RJ-2018-017},
  encoding = {UTF-8},
}
@Manual{R-dplyr,
  title = {dplyr: A Grammar of Data Manipulation},
  author = {Hadley Wickham and Romain François and Lionel Henry and Kirill Müller and Davis Vaughan},
  year = {2023},
  note = {R package version 1.1.1},
  url = {https://CRAN.R-project.org/package=dplyr},
}
@Manual{R-forcats,
  title = {forcats: Tools for Working with Categorical Variables (Factors)},
  author = {Hadley Wickham},
  year = {2023},
  note = {R package version 1.0.0},
  url = {https://CRAN.R-project.org/package=forcats},
}
@Book{R-ggplot2,
  author = {Hadley Wickham},
  title = {ggplot2: Elegant Graphics for Data Analysis},
  publisher = {Springer-Verlag New York},
  year = {2016},
  isbn = {978-3-319-24277-4},
  url = {https://ggplot2.tidyverse.org},
}
@Manual{R-ggthemes,
  title = {ggthemes: Extra Themes, Scales and Geoms for 'ggplot2'},
  author = {Jeffrey B. Arnold},
  year = {2021},
  note = {R package version 4.2.4},
  url = {https://CRAN.R-project.org/package=ggthemes},
}
@Manual{R-gridExtra,
  title = {gridExtra: Miscellaneous Functions for "Grid" Graphics},
  author = {Baptiste Auguie},
  year = {2017},
  note = {R package version 2.3},
  url = {https://CRAN.R-project.org/package=gridExtra},
}
@Manual{R-gtable,
  title = {gtable: Arrange 'Grobs' in Tables},
  author = {Hadley Wickham and Thomas Lin Pedersen},
  year = {2022},
  note = {R package version 0.3.1},
  url = {https://CRAN.R-project.org/package=gtable},
}
@Manual{R-janitor,
  title = {janitor: Simple Tools for Examining and Cleaning Dirty Data},
  author = {Sam Firke},
  year = {2020},
  note = {R package version 2.0.1},
  url = {https://CRAN.R-project.org/package=janitor},
}
@Manual{R-kableExtra,
  title = {kableExtra: Construct Complex Table with 'kable' and Pipe Syntax},
  author = {Hao Zhu},
  year = {2022},
  note = {http://haozhu233.github.io/kableExtra/,
https://github.com/haozhu233/kableExtra},
}
@Book{R-knitr,
  title = {Dynamic Documents with {R} and knitr},
  author = {Yihui Xie},
  publisher = {Chapman and Hall/CRC},
  address = {Boca Raton, Florida},
  year = {2015},
  edition = {2nd},
  note = {ISBN 978-1498716963},
  url = {https://yihui.org/knitr/},
}
@Manual{R-papaja,
  title = {{papaja}: {Prepare} reproducible {APA} journal articles with {R Markdown}},
  author = {Frederik Aust and Marius Barth},
  year = {2020},
  note = {R package version 0.1.0.9997},
  url = {https://github.com/crsh/papaja},
}
@Manual{R-patchwork,
  title = {patchwork: The Composer of Plots},
  author = {Thomas Lin Pedersen},
  year = {2020},
  note = {R package version 1.1.1},
  url = {https://CRAN.R-project.org/package=patchwork},
}
@Manual{R-polspline,
  title = {polspline: Polynomial Spline Routines},
  author = {Charles Kooperberg},
  year = {2020},
  note = {R package version 1.1.19},
  url = {https://CRAN.R-project.org/package=polspline},
}
@Manual{R-purrr,
  title = {purrr: Functional Programming Tools},
  author = {Hadley Wickham and Lionel Henry},
  year = {2023},
  note = {R package version 1.0.1},
  url = {https://CRAN.R-project.org/package=purrr},
}
@Article{R-Rcpp_a,
  title = {{Rcpp}: Seamless {R} and {C++} Integration},
  author = {Dirk Eddelbuettel and Romain Fran\c{c}ois},
  journal = {Journal of Statistical Software},
  year = {2011},
  volume = {40},
  number = {8},
  pages = {1--18},
  doi = {10.18637/jss.v040.i08},
}
@Article{R-Rcpp_b,
  title = {{Extending 	extit{R} with 	extit{C++}: A Brief Introduction to 	extit{Rcpp}}},
  author = {Dirk Eddelbuettel and James Joseph Balamuta},
  journal = {The American Statistician},
  year = {2018},
  volume = {72},
  number = {1},
  pages = {28-36},
  doi = {10.1080/00031305.2017.1375990},
}
@Manual{R-readr,
  title = {readr: Read Rectangular Text Data},
  author = {Hadley Wickham and Jim Hester and Jennifer Bryan},
  year = {2022},
  note = {R package version 2.1.3},
  url = {https://CRAN.R-project.org/package=readr},
}
@Manual{R-rmdformats,
  title = {rmdformats: HTML Output Formats and Templates for 'rmarkdown' Documents},
  author = {Julien Barnier},
  year = {2021},
  note = {R package version 1.0.1},
  url = {https://CRAN.R-project.org/package=rmdformats},
}
@Manual{R-scales,
  title = {scales: Scale Functions for Visualization},
  author = {Hadley Wickham and Dana Seidel},
  year = {2022},
  note = {R package version 1.2.1},
  url = {https://CRAN.R-project.org/package=scales},
}
@Manual{R-stringr,
  title = {stringr: Simple, Consistent Wrappers for Common String Operations},
  author = {Hadley Wickham},
  year = {2022},
  note = {R package version 1.5.0},
  url = {https://CRAN.R-project.org/package=stringr},
}
@Manual{R-tibble,
  title = {tibble: Simple Data Frames},
  author = {Kirill Müller and Hadley Wickham},
  year = {2023},
  note = {R package version 3.2.1},
  url = {https://CRAN.R-project.org/package=tibble},
}
@Manual{R-tidyr,
  title = {tidyr: Tidy Messy Data},
  author = {Hadley Wickham and Davis Vaughan and Maximilian Girlich},
  year = {2023},
  note = {R package version 1.3.0},
  url = {https://CRAN.R-project.org/package=tidyr},
}
@Article{R-tidyverse,
  title = {Welcome to the {tidyverse}},
  author = {Hadley Wickham and Mara Averick and Jennifer Bryan and Winston Chang and Lucy D'Agostino McGowan and Romain François and Garrett Grolemund and Alex Hayes and Lionel Henry and Jim Hester and Max Kuhn and Thomas Lin Pedersen and Evan Miller and Stephan Milton Bache and Kirill Müller and Jeroen Ooms and David Robinson and Dana Paige Seidel and Vitalie Spinu and Kohske Takahashi and Davis Vaughan and Claus Wilke and Kara Woo and Hiroaki Yutani},
  year = {2019},
  journal = {Journal of Open Source Software},
  volume = {4},
  number = {43},
  pages = {1686},
  doi = {10.21105/joss.01686},
}
@Manual{R-tinylabels,
  title = {{tinylabels}: Lightweight Variable Labels},
  author = {Marius Barth},
  year = {2021},
  note = {R package version 0.2.0},
  url = {https://github.com/mariusbarth/tinylabels},
}
